<record><leader>00000cas a2200000 a 4500</leader><controlfield tag="001">11364518</controlfield><controlfield tag="008">841108d18891890ksuwr ne      0   a0eng d</controlfield><datafield ind1=" " ind2=" " tag="010"><subfield code="a">sn 84030001 </subfield></datafield><datafield ind1=" " ind2=" " tag="040"><subfield code="a">KSH</subfield><subfield code="b">eng</subfield><subfield code="c">KSH</subfield><subfield code="d">NPT</subfield><subfield code="d">OCL</subfield><subfield code="d">OCLCQ</subfield></datafield><datafield ind1=" " ind2=" " tag="042"><subfield code="a">msc</subfield></datafield><datafield ind1="0" ind2="0" tag="245"><subfield code="a">Fremont eagle.</subfield></datafield><datafield ind1=" " ind2=" " tag="260"><subfield code="a">Fremont, Kan. :</subfield><subfield code="b">W.R. Hill</subfield></datafield><datafield ind1=" " ind2=" " tag="300"><subfield code="a">v. :</subfield><subfield code="b">ill. ;</subfield><subfield code="c">47-55 cm.</subfield></datafield><datafield ind1=" " ind2=" " tag="310"><subfield code="a">Weekly</subfield></datafield><datafield ind1="1" ind2=" " tag="362"><subfield code="a">Began in 1889.</subfield><subfield code="z">Cf. Ayer, 1890.</subfield></datafield><datafield ind1="1" ind2=" " tag="362"><subfield code="a">Ceased with July 30, 1890 issue?</subfield></datafield><datafield ind1=" " ind2=" " tag="500"><subfield code="a">Published by: W.R. Hill &amp; Son, Feb. 12-&lt;Apr. 9, 1890&gt;; Hill &amp; Stewart, &lt;Apr. 16-July 2, 1890&gt;; Geo. F. Stewart, &lt;July 9, 1890&gt;-</subfield></datafield><datafield ind1=" " ind2=" " tag="588"><subfield code="a">Description based on: Vol. 1, no. 4 (May 29, 1889).</subfield></datafield><datafield ind1=" " ind2=" " tag="752"><subfield code="a">United States</subfield><subfield code="b">Kansas</subfield><subfield code="c">Graham</subfield><subfield code="d">Fremont.</subfield></datafield></record>